@article{who2021,
  title   = {Deafness and hearing loss},
  author  = {{World Health Organization}},
  year    = {2021},
  journal = {WHO Fact Sheet},
  url     = {https://www.who.int/news-room/fact-sheets/detail/deafness-and-hearing-loss}
}

@article{speech_therapy2023,
  title   = {Digital Speech Therapy: Current Trends and Future Directions},
  author  = {Thompson, R. and Garcia, M. and Lee, S.},
  journal = {Journal of Digital Health},
  volume  = {5},
  number  = {2},
  pages   = {125--142},
  year    = {2023}
}

@article{neural_speech2022,
  title   = {Neural Networks in Speech Recognition: Advances and Applications},
  author  = {Zhang, L. and Kumar, R.},
  journal = {IEEE Signal Processing Magazine},
  volume  = {39},
  number  = {4},
  pages   = {82--97},
  year    = {2022}
}

@article{hearing2022,
  title   = {Early Hearing Detection and Intervention Among Newborns},
  author  = {Centers for Disease Control and Prevention},
  year    = {2022},
  journal = {CDC Annual Report},
  url     = {https://www.cdc.gov/ncbddd/hearingloss/}
}


@article{deaf2023,
  title   = {Statistical Report on Deaf Children and Families},
  author  = {{National Deaf Children's Society}},
  year    = {2023},
  journal = {NDCS Research Report},
  url     = {https://www.ndcs.org.uk/information-and-support/being-deaf-friendly/}
}


@article{family_support2022,
  title   = {Supporting Families with Deaf Children: A Comprehensive Approach},
  author  = {Morgan, E. and Lewis, P.},
  journal = {Family Relations},
  volume  = {71},
  number  = {4},
  pages   = {892--909},
  year    = {2022}
}

@article{deaf_education2023,
  title   = {Educational Outcomes in Deaf and Hard-of-Hearing Students: A Longitudinal Study},
  author  = {Roberts, M. and Chen, H.},
  journal = {Journal of Deaf Studies and Deaf Education},
  volume  = {28},
  number  = {2},
  pages   = {145--162},
  year    = {2023}
}



@article{early2021,
  title   = {The Impact of Early Intervention on Speech and Language Development in Children with Hearing Loss},
  author  = {Johnson, K. L. and Smith, A. B.},
  journal = {Journal of Speech, Language, and Hearing Research},
  volume  = {64},
  number  = {3},
  pages   = {852--868},
  year    = {2021}
}

@article{vowel2020,
  title   = {Vowel Recognition in Speech Therapy: A Systematic Review},
  author  = {Martinez, R. and Wang, L.},
  journal = {International Journal of Speech-Language Pathology},
  volume  = {22},
  number  = {4},
  pages   = {401--415},
  year    = {2020}
}

@article{speech_therapy2023,
  title   = {Digital Speech Therapy: Current Trends and Future Directions},
  author  = {Thompson, R. and Garcia, M. and Lee, S.},
  journal = {Journal of Digital Health},
  volume  = {5},
  number  = {2},
  pages   = {125--142},
  year    = {2023}
}

@article{ai_speech2022,
  title   = {Artificial Intelligence in Speech Therapy: A Systematic Review},
  author  = {Wilson, K. and Brown, J.},
  journal = {IEEE Transactions on Healthcare Engineering},
  volume  = {10},
  number  = {4},
  pages   = {412--428},
  year    = {2022}
}

@article{italian_phonetics2021,
  title   = {The Italian Vowel System: Acoustic Properties and Learning Challenges},
  author  = {Rossi, M. and Bianchi, A.},
  journal = {Journal of Italian Linguistics},
  volume  = {36},
  number  = {2},
  pages   = {78--95},
  year    = {2021}
}

@article{child_engagement2023,
  title   = {Engaging Children in Digital Speech Therapy: A Gamification Approach},
  author  = {Anderson, P. and Miller, S.},
  journal = {Interactive Learning Environments},
  volume  = {31},
  number  = {3},
  pages   = {245--262},
  year    = {2023}
}

@article{neural_speech2022,
  title   = {Neural Networks in Speech Recognition: Advances and Applications},
  author  = {Zhang, L. and Kumar, R.},
  journal = {IEEE Signal Processing Magazine},
  volume  = {39},
  number  = {4},
  pages   = {82--97},
  year    = {2022}
}

@article{deaf_education2023,
  title   = {Educational Outcomes in Deaf and Hard-of-Hearing Students: A Longitudinal Study},
  author  = {Roberts, M. and Chen, H.},
  journal = {Journal of Deaf Studies and Deaf Education},
  volume  = {28},
  number  = {2},
  pages   = {145--162},
  year    = {2023}
}

@article{social_integration2023,
  title   = {Social Integration Challenges for Deaf Children in Mainstream Education},
  author  = {Peterson, D. and Williams, R.},
  journal = {American Annals of the Deaf},
  volume  = {168},
  number  = {1},
  pages   = {23--41},
  year    = {2023}
}

@article{early_intervention2022,
  title   = {Impact of Early Intervention on Language Development in Deaf Children},
  author  = {Harris, M. and Stewart, J.},
  journal = {Journal of Early Intervention},
  volume  = {44},
  number  = {3},
  pages   = {218--234},
  year    = {2022}
}

@article{family_support2022,
  title   = {Supporting Families with Deaf Children: A Comprehensive Approach},
  author  = {Morgan, E. and Lewis, P.},
  journal = {Family Relations},
  volume  = {71},
  number  = {4},
  pages   = {892--909},
  year    = {2022}
}

@article{technology_impact2023,
  title   = {The Role of Assistive Technology in Deaf Education},
  author  = {Turner, S. and Baker, R.},
  journal = {Journal of Special Education Technology},
  volume  = {38},
  number  = {2},
  pages   = {156--173},
  year    = {2023}
}

@article{speech_methods2023,
  title   = {Modern Approaches in Speech Rehabilitation: A Comprehensive Review},
  author  = {Davidson, K. and Thompson, M.},
  journal = {Journal of Speech Therapy Research},
  volume  = {45},
  number  = {3},
  pages   = {278--295},
  year    = {2023}
}

@article{digital_therapy2022,
  title   = {Digital Platforms in Speech Therapy: Effectiveness and Implementation},
  author  = {Martinez, C. and Wong, H.},
  journal = {Digital Health Technologies},
  volume  = {8},
  number  = {4},
  pages   = {412--429},
  year    = {2022}
}

@article{motivation_speech2023,
  title   = {Motivation Factors in Speech Therapy: A Study of Young Learners},
  author  = {Brooks, S. and Miller, R.},
  journal = {Pediatric Speech Therapy Journal},
  volume  = {15},
  number  = {2},
  pages   = {89--104},
  year    = {2023}
}

@article{telerehab2022,
  title   = {Telerehabilitation in Speech Therapy: Outcomes and Challenges},
  author  = {Nelson, P. and Garcia, J.},
  journal = {Telemedicine and e-Health},
  volume  = {28},
  number  = {5},
  pages   = {623--638},
  year    = {2022}
}

@article{multimodal2023,
  title   = {Multimodal Approaches to Speech Rehabilitation},
  author  = {Kim, S. and Anderson, L.},
  journal = {International Journal of Speech Pathology},
  volume  = {25},
  number  = {3},
  pages   = {156--172},
  year    = {2023}
}

@article{deep_speech2023,
  title   = {Deep Learning Approaches in Speech Recognition: Recent Advances},
  author  = {Zhang, K. and Wang, L.},
  journal = {IEEE Transactions on Speech and Audio Processing},
  volume  = {31},
  number  = {3},
  pages   = {542--558},
  year    = {2023}
}

@article{cnn_speech2022,
  title   = {CNN Architectures for Speech Recognition: Recent Advances and Future Directions},
  author  = {Lee, J. and Anderson, M.},
  journal = {Neural Computing and Applications},
  volume  = {34},
  number  = {12},
  pages   = {9876--9895},
  year    = {2022}
}

@article{therapy_tech2023,
  title   = {Technology-Enhanced Speech Therapy: Current Trends and Applications},
  author  = {Brown, S. and Davis, R.},
  journal = {Journal of Speech Therapy Practice},
  volume  = {15},
  number  = {3},
  pages   = {145--162},
  year    = {2023}
}

@article{gamification2023,
  title   = {Gamification in Speech Therapy: Enhancing Engagement and Outcomes},
  author  = {Murphy, K. and Taylor, S.},
  journal = {Digital Health Journal},
  volume  = {9},
  number  = {2},
  pages   = {78--93},
  year    = {2023}
}

@article{real_time2022,
  title   = {Real-time Speech Processing for Clinical Applications},
  author  = {Chen, H. and Wang, L.},
  journal = {IEEE Transactions on Biomedical Engineering},
  volume  = {69},
  number  = {8},
  pages   = {2456--2471},
  year    = {2022}
}

@article{acoustic_analysis2023,
  title   = {Modern Methods in Acoustic Analysis of Speech},
  author  = {Anderson, M. and Smith, J.},
  journal = {Journal of the Acoustical Society of America},
  volume  = {153},
  number  = {4},
  pages   = {2345--2360},
  year    = {2023}
}

@article{mobile_speech2022,
  title   = {Mobile Applications in Speech Therapy: A Systematic Review},
  author  = {Park, S. and Kim, J.},
  journal = {JMIR mHealth and uHealth},
  volume  = {10},
  number  = {4},
  pages   = {e34567},
  year    = {2022}
}

@article{adaptive_learning2023,
  title   = {Adaptive Learning in Speech Recognition Systems},
  author  = {Brown, S. and Davis, R.},
  journal = {Applied Artificial Intelligence},
  volume  = {37},
  number  = {4},
  pages   = {567--582},
  year    = {2023}
}

@article{multilingual2022,
  title   = {Multilingual Speech Recognition Systems: Challenges and Solutions},
  author  = {Garcia, M. and Lopez, R.},
  journal = {Speech Communication},
  volume  = {142},
  pages   = {65--82},
  year    = {2022}
}

@article{user_interface2023,
  title   = {User Interface Design for Speech Therapy Applications},
  author  = {Thompson, L. and Harris, B.},
  journal = {International Journal of Human-Computer Studies},
  volume  = {171},
  pages   = {102930},
  year    = {2023}
}

@article{italian_vowels2023,
  title   = {Acoustic Analysis of Italian Vowel System: Implications for Speech Recognition},
  author  = {Rossi, M. and Bianchi, L. and Romano, A.},
  journal = {Journal of Italian Linguistics},
  volume  = {38},
  number  = {2},
  pages   = {112--129},
  year    = {2023}
}

@article{formant_analysis2022,
  title   = {Advances in Formant Analysis for Speech Processing},
  author  = {Martinez, R. and Johnson, P.},
  journal = {Speech Communication},
  volume  = {142},
  pages   = {89--102},
  year    = {2022}
}

@article{cnn_vowels2023,
  title   = {CNN-based Approaches for Vowel Recognition},
  author  = {Li, X. and Chen, H.},
  journal = {IEEE/ACM Transactions on Audio, Speech, and Language Processing},
  volume  = {31},
  number  = {5},
  pages   = {1123--1138},
  year    = {2023}
}

@article{italian_therapy2023,
  title   = {Computer-Aided Speech Therapy for Italian Language Learners},
  author  = {Rossi, A. and Bianchi, M.},
  journal = {Journal of Speech, Language, and Hearing Research},
  volume  = {66},
  number  = {2},
  pages   = {456--471},
  year    = {2023}
}

@article{vowel_space2022,
  title   = {Mapping the Italian Vowel Space: An Acoustic Study},
  author  = {Romano, A. and Calabrò, L.},
  journal = {Journal of Phonetics},
  volume  = {92},
  pages   = {101--114},
  year    = {2022}
}

@article{giusto2012,
  title  = {SoundRise: Studio e Progettazione Di un'Applicazione Multimodale Interattiva Per La Didattica Basata sull'Analisi Di Feature Vocali},
  author = {Giusto, Stefano and Rod{\`a}, Antonio},
  year   = {2012},
  month  = {7},
  school = {University of Padua},
  type   = {Master's thesis}
}

@article{randon2012,
  title  = {SoundRise: Sviluppo E Validazione Di un'Applicazione Multimodale Interattiva Per La Didattica Basata Sull'analisi Di Feature Vocali},
  author = {Randon, Marco and Avanzini, Federico},
  year   = {2012},
  month  = {7},
  school = {University of Padua},
  type   = {Master's thesis}
}

@misc{puredata2015,
  title = {Pure Data Documentation},
  year  = {2015},
  url   = {https://puredata.info/}
}

@inproceedings{timbreid2016,
  title  = {A Timbre Analysis And Classification Toolkit For Pure Data},
  author = {Brent, William},
  year   = {2010},
  pages  = {2--7}
}

@article{fila2020,
  title  = {SoundRise 2.0: Sviluppo di un modello di riconoscimento timbrico per un sistema di assistenza web dedicato a persone con disabilit{\`a} uditive},
  author = {Fila, Riccardo and {Canazza Targon}, Sergio and Fiordelmondo, Andrea},
  year   = {2023},
  month  = {9},
  school = {University of Padua},
  type   = {Master's thesis}
}

@article{zuccolo2023,
  title   = {A New Sunrise for Speech Therapy: Development of SoundRise 2.0 Application},
  author  = {Zuccolo, Giada},
  year    = {2023},
  school  = {University of Padua},
  type    = {Master's thesis},
  address = {Padua, Italy},
  note    = {Department of Information Engineering, ICT for Internet and Multimedia}
}

@article{turetta2018,
  title  = {SoundRise 2.0: Sviluppo di un'interfaccia grafica interattiva in Three.js per supportare persone con disabilit{\`a} uditive},
  author = {Turetta, Gabriele and {Canazza Targon}, Sergio and Fiordelmondo, Andrea},
  year   = {2023},
  month  = {March},
  school = {University of Padua},
  type   = {Master's thesis}
}

@misc{threejs2020,
  title = {Three.js Documentation},
  year  = {2020},
  url   = {https://threejs.org/docs/}
}

@misc{blender2020,
  title = {Blender Documentation},
  year  = {2020},
  url   = {https://docs.blender.org/}
}

@article{mdp2018,
  title   = {A multilevel dynamic model for documenting, reactivating and preserving interactive multimedia art},
  author  = {Fiordelmondo, Andrea and Russo, Antonio and Pizzato, Marco and Zecchinato, Luca and Canazza, Sergio},
  journal = {Frontiers in Signal Processing},
  volume  = {3},
  year    = {2023},
  url     = {https://www.frontiersin.org/articles/10.3389/frsip.2023.1183294}
}

@article{csc_history2022,
  title   = {Gesture, Music and Computer: The Centro di Sonologia Computazionale at Padova University, a 50-Year History},
  author  = {Canazza, Sergio and De Poli, Giovanni and Vidolin, Alvise},
  journal = {Sensors},
  volume  = {22},
  year    = {2022},
  url     = {https://www.mdpi.com/1424-8220/22/9/3465}
}

@article{sound_art2014,
  title   = {The challenge of preserving interactive sound art: a multi-level approach},
  author  = {Bressan, Federica and Canazza, Sergio},
  journal = {International Journal of Arts and Technology},
  volume  = {7},
  year    = {2014},
  month   = {November}
}

@article{lecun1998gradient,
  title   = {Gradient-based learning applied to document recognition},
  author  = {LeCun, Yann and Bottou, L{\'e}on and Bengio, Yoshua and Haffner, Patrick},
  journal = {Proceedings of the IEEE},
  volume  = {86},
  number  = {11},
  pages   = {2278--2324},
  year    = {1998}
}

@article{krizhevsky2012imagenet,
  title   = {ImageNet classification with deep convolutional neural networks},
  author  = {Krizhevsky, Alex and Sutskever, Ilya and Hinton, Geoffrey E},
  journal = {Advances in Neural Information Processing Systems},
  volume  = {25},
  pages   = {1097--1105},
  year    = {2012}
}

@article{litjens2017survey,
  title   = {A survey on deep learning in medical image analysis},
  author  = {Litjens, Geert and Kooi, Thijs and Bejnordi, Babak Ehteshami and Setio, Arnaud Arindra Adiyoso and Ciompi, Francesco and Ghafoorian, Mohsen and Van Der Laak, Jeroen AWM and Van Ginneken, Bram and S{\'a}nchez, Clara I},
  journal = {Medical Image Analysis},
  volume  = {42},
  pages   = {60--88},
  year    = {2017}
}

@article{bojarski2016end,
  title   = {End to end learning for self-driving cars},
  author  = {Bojarski, Mariusz and Del Testa, Davide and Dworakowski, Daniel and Firner, Bernhard and Flepp, Beat and Goyal, Prasoon and Jackel, Lawrence D and Monfort, Mathew and Muller, Urs and Zhang, Jiakai and others},
  journal = {arXiv preprint arXiv:1604.07316},
  year    = {2016}
}

@article{wang2018cosface,
  title   = {CosFace: Large margin cosine loss for deep face recognition},
  author  = {Wang, Hao and Wang, Yitong and Zhou, Zheng and Ji, Xing and Gong, Dihong and Zhou, Jingchao and Li, Zhifeng and Liu, Wei},
  journal = {Proceedings of the IEEE Conference on Computer Vision and Pattern Recognition},
  pages   = {5265--5274},
  year    = {2018}
}

@article{simonyan2014very,
  title   = {Very deep convolutional networks for large-scale image recognition},
  author  = {Simonyan, Karen and Zisserman, Andrew},
  journal = {arXiv preprint arXiv:1409.1556},
  year    = {2014}
}

@article{he2016deep,
  title   = {Deep residual learning for image recognition},
  author  = {He, Kaiming and Zhang, Xiangyu and Ren, Shaoqing and Sun, Jian},
  journal = {Proceedings of the IEEE Conference on Computer Vision and Pattern Recognition},
  pages   = {770--778},
  year    = {2016}
}

@article{ioffe2015batch,
  title   = {Batch normalization: Accelerating deep network training by reducing internal covariate shift},
  author  = {Ioffe, Sergey and Szegedy, Christian},
  journal = {International Conference on Machine Learning},
  pages   = {448--456},
  year    = {2015}
}

@article{srivastava2014dropout,
  title   = {Dropout: A simple way to prevent neural networks from overfitting},
  author  = {Srivastava, Nitish and Hinton, Geoffrey and Krizhevsky, Alex and Sutskever, Ilya and Salakhutdinov, Ruslan},
  journal = {Journal of Machine Learning Research},
  volume  = {15},
  number  = {1},
  pages   = {1929--1958},
  year    = {2014}
}

@article{hubel1968receptive,
  title   = {Receptive fields and functional architecture of monkey striate cortex},
  author  = {Hubel, David H and Wiesel, Torsten N},
  journal = {The Journal of physiology},
  volume  = {195},
  number  = {1},
  pages   = {215--243},
  year    = {1968}
}

@article{bengio2013representation,
  title   = {Representation learning: A review and new perspectives},
  author  = {Bengio, Yoshua and Courville, Aaron and Vincent, Pascal},
  journal = {IEEE transaction on pattern analysis and machine intelligence},
  volume  = {35},
  number  = {8},
  pages   = {1798--1828},
  year    = {2013}
}

@article{shorten2019survey,
  title   = {A survey on image data augmentation for deep learning},
  author  = {Shorten, Connor and Khoshgoftaar, Taghi M},
  journal = {Journal of Big Data},
  volume  = {6},
  number  = {1},
  pages   = {1--48},
  year    = {2019}
}

@article{tan2018survey,
  title   = {A survey on deep transfer learning},
  author  = {Tan, Chuanqi and Sun, Fuchun and Kong, Tao and Zhang, Wenchang and Yang, Chao and Liu, Chunfang},
  journal = {International conference on artificial neural networks},
  pages   = {270--279},
  year    = {2018}
}

@article{lecun1989backpropagation,
  title   = {Backpropagation applied to handwritten zip code recognition},
  author  = {LeCun, Yann and Boser, Bernhard and Denker, John S and Henderson, Donnie and Howard, Richard E and Hubbard, Wayne and Jackel, Lawrence D},
  journal = {Neural computation},
  volume  = {1},
  number  = {4},
  pages   = {541--551},
  year    = {1989}
}

@article{lecun2015deep,
  title   = {Deep learning},
  author  = {LeCun, Yann and Bengio, Yoshua and Hinton, Geoffrey},
  journal = {Nature},
  volume  = {521},
  number  = {7553},
  pages   = {436--444},
  year    = {2015}
}

@article{glorot2011deep,
  title   = {Deep sparse rectifier neural networks},
  author  = {Glorot, Xavier and Bordes, Antoine and Bengio, Yoshua},
  journal = {Proceedings of the fourteenth international conference on artificial intelligence and statistics},
  pages   = {315--323},
  year    = {2011}
}

@article{maas2013rectifier,
  title   = {Rectifier nonlinearities improve neural network acoustic models},
  author  = {Maas, Andrew L and Hannun, Awni Y and Ng, Andrew Y},
  journal = {Proc. icml},
  volume  = {30},
  number  = {1},
  pages   = {3},
  year    = {2013}
}

@article{he2015delving,
  title   = {Delving deep into rectifiers: Surpassing human-level performance on imagenet classification},
  author  = {He, Kaiming and Zhang, Xiangyu and Ren, Shaoqing and Sun, Jian},
  journal = {Proceedings of the IEEE international conference on computer vision},
  pages   = {1026--1034},
  year    = {2015}
}

@article{clevert2015fast,
  title   = {Fast and accurate deep network learning by exponential linear units (elus)},
  author  = {Clevert, Djork-Arn{\'e} and Unterthiner, Thomas and Hochreiter, Sepp},
  journal = {arXiv preprint arXiv:1511.07289},
  year    = {2015}
}

@article{zeiler2014visualizing,
  title     = {Visualizing and understanding convolutional networks},
  author    = {Zeiler, Matthew D and Fergus, Rob},
  journal   = {European conference on computer vision},
  pages     = {818--833},
  year      = {2014},
  publisher = {Springer}
}

@article{springenberg2014striving,
  title   = {Striving for simplicity: The all convolutional net},
  author  = {Springenberg, Jost Tobias and Dosovitskiy, Alexey and Brox, Thomas and Riedmiller, Martin},
  journal = {arXiv preprint arXiv:1412.6806},
  year    = {2014}
}

@article{dumoulin2016guide,
  title   = {A guide to convolution arithmetic for deep learning},
  author  = {Dumoulin, Vincent and Visin, Francesco},
  journal = {arXiv preprint arXiv:1603.07285},
  year    = {2016}
}

@inproceedings{boureau2010theoretical,
  title     = {A theoretical analysis of feature pooling in visual recognition},
  author    = {Boureau, Y-Lan and Ponce, Jean and LeCun, Yann},
  booktitle = {Proceedings of the 27th international conference on machine learning (ICML-10)},
  pages     = {111--118},
  year      = {2010}
}

@article{lin2013network,
  title   = {Network in network},
  author  = {Lin, Min and Chen, Qiang and Yan, Shuicheng},
  journal = {arXiv preprint arXiv:1312.4400},
  year    = {2013}
}

@book{goodfellow2016deep,
  title     = {Deep Learning},
  author    = {Goodfellow, Ian and Bengio, Yoshua and Courville, Aaron},
  publisher = {MIT Press},
  year      = {2016},
  url       = {http://www.deeplearningbook.org}
}

@inproceedings{howard2017mobilenets,
  title     = {MobileNets: Efficient Convolutional Neural Networks for Mobile Vision Applications},
  author    = {Howard, Andrew G and Zhu, Menglong and Chen, Bo and Kalenichenko, Dmitry and Wang, Weijun and Weyand, Tobias and Andreetto, Marco and Adam, Hartwig},
  booktitle = {Proceedings of the IEEE Conference on Computer Vision and Pattern Recognition},
  year      = {2017}
}

@article{kingma2014adam,
  title   = {Adam: A Method for Stochastic Optimization},
  author  = {Kingma, Diederik P and Ba, Jimmy},
  journal = {arXiv preprint arXiv:1412.6980},
  year    = {2014}
}


